@misc{hcb,
      title={State Specific Measurement Protocols for the Variational Quantum Eigensolver}, 
      author={Davide Bincoletto and Jakob S. Kottmann},
      year={2025},
      eprint={2504.03019},
      archivePrefix={arXiv},
      primaryClass={quant-ph},
      url={https://arxiv.org/abs/2504.03019}, 
}